@misc{container,
  author      = {Global Tech Magazine},
  title       = {Konteyner (container) Teknolojisi Nedir},
  year        = {2021},
  url         = {https://www.globaltechmagazine.com/2021/04/13/konteyner-container-teknolojisi-nedir/},
  note        = {Erişim tarihi: 03 Mart 2023}
}

@misc{docker,
  author      = {Docker},
  title       = {Docker overview},
  year        = {2023},
  url         = {https://docs.docker.com/get-started/overview/},
  note        = {Erişim tarihi: 12 Mart 2023}
}

@misc{docker_api_reference,
  author      = {Docker API Reference},
  title       = {Docker Engine API hakkında resmi belgelendirme ve API referansı.},
  year        = {2023},
  url         = {https://docs.docker.com/engine/api/},
  note        = {Erişim tarihi: 23 Mart 2023}
}

@misc{laravel_documentation,
  author      = {Laravel Documentation},
  title       = {Laravel hakkında ayrıntılı bilgi ve Laravel projeleri geliştirmek için rehberlik sunar.},
  year        = {2023},
  url         = {https://laravel.com/docs},
  note        = {Erişim tarihi: 14 Mart 2023}
}


@misc{guzzle_documentation,
  author      = {Guzzle Documentation},
  title       = {Guzzle, HTTP istemcisi olarak kullanılan bir PHP kütüphanesidir ve Docker Engine API ile iletişim kurmak için kullanılmıştır.},
  year        = {2023},
  url         = {http://docs.guzzlephp.org/en/stable/},
  note        = {Erişim tarihi: 12 Nısan 2023}
}

@misc{alpine,
  author      = {Alpine Linux},
  title       = {About Alpine.},
  year        = {2022},
  url         = {https://www.alpinelinux.org/about/},
  note        = {Erişim tarihi: 17 Mayıs 2023}
}

@misc{dockervms,
  author      = {Abhilash Warrier},
  title       = {Containers vs Virtual Machines (VMs)},
  year        = {2020},
  url         = {https://www.eginnovations.com/blog/containers-vs-vms/},
  note        = {Erişim tarihi: 08 Mayıs 2023}
}

@misc{dockervms,
  author      = {ABDURRAHMAN KÖKEN},
  title       = {Container Dünyası ve Docker},
  year        = {2016},
  url         = {https://devnot.com/2016/container-dunyasi-ve-docker/},
  note        = {Erişim tarihi: 04 Nısan 2023}
}


@inproceedings{sharma2020docker,
  author       = {Sharma, V. and Saxena, H. K. and Singh, A. K.},
  title        = {Docker for multi-containers web application},
  booktitle    = {2020 2nd International Conference on Innovative Mechanisms for Industry Applications (ICIMIA)},
  year         = {2020},
  pages        = {589-592},
  organization= {IEEE},
  month        = {3},
}



@book{mckendrick2020mastering,
  author       = {McKendrick, Russ},
  title        = {Mastering Docker: Enhance your containerization and DevOps skills to deliver production-ready applications},
  publisher    = {Packt Publishing Ltd},
  year         = {2020},
}

@inproceedings{brogi2020enhancing,
  author       = {Brogi, Antonio and Pahl, Claus and Soldani, Jacopo},
  title        = {On enhancing the orchestration of multi-container Docker applications},
  booktitle    = {Advances in Service-Oriented and Cloud Computing: Workshops of ESOCC 2018, Como, Italy, September 12–14, 2018, Revised Selected Papers},
  volume       = {7},
  pages        = {21-33},
  publisher    = {Springer International Publishing},
  year         = {2020},
}



@article{ibrahim2021study,
  author       = {Ibrahim, Mohamed H. and Sayagh, Mohamed and Hassan, Ahmed E.},
  title        = {A study of how Docker Compose is used to compose multi-component systems},
  journal      = {Empirical Software Engineering},
  volume       = {26},
  pages        = {1-27},
  year         = {2021},
}


@inproceedings{Smith_Emily,
  author       = {John Smith, Emily Johnson},
  title        = {An Overview of Containerization Technology},
  organization = {International Journal of Computer Science and Applications},
  year         = {2019},
}

@inproceedings{Brown_Jennifer,
  author       = {David Brown, Jennifer Davis},
  title        = {Containerization},
  organization = {Journal of Software Engineering Research and Development},
  year         = {2020},
}


@inproceedings{domenici_bravo,
  author       = {Domenici, Bravo, J.},
  title        = {Docker orchestration: Use containerization to deploy and manage applications at scale},
  organization = {Packt Publishing Ltd.},
  year         = {2020},
}